%
% Add your bibtex items here:
%

@ARTICLE{nbody,
   author = {{Springel}, V. and {Frenk}, C.~S. and {White}, S.~D.~M.},
    title = "{The large-scale structure of the Universe}",
  journal = {\nat},
   eprint = {astro-ph/0604561},
     year = 2006,
    month = apr,
   volume = 440,
    pages = {1137-1144},
      doi = {10.1038/nature04805},
   adsurl = {http://adsabs.harvard.edu/abs/2006Natur.440.1137S},
  adsnote = {Provided by the SAO/NASA Astrophysics Data System}
}


@ARTICLE{satellites,
   author = {{Yang}, X. and {Mo}, H.~J. and {van den Bosch}, F.~C. and {Weinmann}, S.~M. and 
	{Li}, C. and {Jing}, Y.~P.},
    title = "{The cross-correlation between galaxies and groups: probing the galaxy distribution in and around dark matter haloes}",
  journal = {\mnras},
   eprint = {astro-ph/0504477},
 keywords = {methods: statistical, galaxies: haloes, dark matter, large-scale structure of Universe},
     year = 2005,
    month = sep,
   volume = 362,
    pages = {711-726},
      doi = {10.1111/j.1365-2966.2005.09351.x},
   adsurl = {http://adsabs.harvard.edu/abs/2005MNRAS.362..711Y},
  adsnote = {Provided by the SAO/NASA Astrophysics Data System}
}

@ARTICLE{des,
   author = {{Dark Energy Survey Collaboration} and {Abbott}, T. and {Abdalla}, F.~B. and 
	{Aleksi{\'c}}, J. and {Allam}, S. and {Amara}, A. and {Bacon}, D. and 
	{Balbinot}, E. and {Banerji}, M. and {Bechtol}, K. and {Benoit-L{\'e}vy}, A. and 
	{Bernstein}, G.~M. and {Bertin}, E. and {Blazek}, J. and {Bonnett}, C. and 
	{Bridle}, S. and {Brooks}, D. and {Brunner}, R.~J. and {Buckley-Geer}, E. and 
	{Burke}, D.~L. and {Caminha}, G.~B. and {Capozzi}, D. and {Carlsen}, J. and 
	{Carnero-Rosell}, A. and {Carollo}, M. and {Carrasco-Kind}, M. and 
	{Carretero}, J. and {Castander}, F.~J. and {Clerkin}, L. and 
	{Collett}, T. and {Conselice}, C. and {Crocce}, M. and {Cunha}, C.~E. and 
	{D'Andrea}, C.~B. and {da Costa}, L.~N. and {Davis}, T.~M. and 
	{Desai}, S. and {Diehl}, H.~T. and {Dietrich}, J.~P. and {Dodelson}, S. and 
	{Doel}, P. and {Drlica-Wagner}, A. and {Estrada}, J. and {Etherington}, J. and 
	{Evrard}, A.~E. and {Fabbri}, J. and {Finley}, D.~A. and {Flaugher}, B. and 
	{Foley}, R.~J. and {Fosalba}, P. and {Frieman}, J. and {Garc{\'{\i}}a-Bellido}, J. and 
	{Gaztanaga}, E. and {Gerdes}, D.~W. and {Giannantonio}, T. and 
	{Goldstein}, D.~A. and {Gruen}, D. and {Gruendl}, R.~A. and 
	{Guarnieri}, P. and {Gutierrez}, G. and {Hartley}, W. and {Honscheid}, K. and 
	{Jain}, B. and {James}, D.~J. and {Jeltema}, T. and {Jouvel}, S. and 
	{Kessler}, R. and {King}, A. and {Kirk}, D. and {Kron}, R. and 
	{Kuehn}, K. and {Kuropatkin}, N. and {Lahav}, O. and {Li}, T.~S. and 
	{Lima}, M. and {Lin}, H. and {Maia}, M.~A.~G. and {Makler}, M. and 
	{Manera}, M. and {Maraston}, C. and {Marshall}, J.~L. and {Martini}, P. and 
	{McMahon}, R.~G. and {Melchior}, P. and {Merson}, A. and {Miller}, C.~J. and 
	{Miquel}, R. and {Mohr}, J.~J. and {Morice-Atkinson}, X. and 
	{Naidoo}, K. and {Neilsen}, E. and {Nichol}, R.~C. and {Nord}, B. and 
	{Ogando}, R. and {Ostrovski}, F. and {Palmese}, A. and {Papadopoulos}, A. and 
	{Peiris}, H.~V. and {Peoples}, J. and {Percival}, W.~J. and 
	{Plazas}, A.~A. and {Reed}, S.~L. and {Refregier}, A. and {Romer}, A.~K. and 
	{Roodman}, A. and {Ross}, A. and {Rozo}, E. and {Rykoff}, E.~S. and 
	{Sadeh}, I. and {Sako}, M. and {S{\'a}nchez}, C. and {Sanchez}, E. and 
	{Santiago}, B. and {Scarpine}, V. and {Schubnell}, M. and {Sevilla-Noarbe}, I. and 
	{Sheldon}, E. and {Smith}, M. and {Smith}, R.~C. and {Soares-Santos}, M. and 
	{Sobreira}, F. and {Soumagnac}, M. and {Suchyta}, E. and {Sullivan}, M. and 
	{Swanson}, M. and {Tarle}, G. and {Thaler}, J. and {Thomas}, D. and 
	{Thomas}, R.~C. and {Tucker}, D. and {Vieira}, J.~D. and {Vikram}, V. and 
	{Walker}, A.~R. and {Wechsler}, R.~H. and {Weller}, J. and {Wester}, W. and 
	{Whiteway}, L. and {Wilcox}, H. and {Yanny}, B. and {Zhang}, Y. and 
	{Zuntz}, J.},
    title = "{The Dark Energy Survey: more than dark energy - an overview}",
  journal = {\mnras},
archivePrefix = "arXiv",
   eprint = {1601.00329},
 keywords = {surveys, minor planets, asteroids: general, supernovae: general, Galaxy: general, galaxies: general, quasars: general},
     year = 2016,
    month = aug,
   volume = 460,
    pages = {1270-1299},
      doi = {10.1093/mnras/stw641},
   adsurl = {http://adsabs.harvard.edu/abs/2016MNRAS.460.1270D},
  adsnote = {Provided by the SAO/NASA Astrophysics Data System}
}


@ARTICLE{lsst,
   author = {{LSST Science Collaboration} and {Abell}, P.~A. and {Allison}, J. and 
	{Anderson}, S.~F. and {Andrew}, J.~R. and {Angel}, J.~R.~P. and 
	{Armus}, L. and {Arnett}, D. and {Asztalos}, S.~J. and {Axelrod}, T.~S. and et al.},
    title = "{LSST Science Book, Version 2.0}",
  journal = {ArXiv e-prints},
archivePrefix = "arXiv",
   eprint = {0912.0201},
 primaryClass = "astro-ph.IM",
 keywords = {Astrophysics - Instrumentation and Methods for Astrophysics, Astrophysics - Cosmology and Extragalactic Astrophysics, Astrophysics - Earth and Planetary Astrophysics, Astrophysics - Galaxy Astrophysics, Astrophysics - Solar and Stellar Astrophysics},
     year = 2009,
    month = dec,
   adsurl = {http://adsabs.harvard.edu/abs/2009arXiv0912.0201L},
  adsnote = {Provided by the SAO/NASA Astrophysics Data System}
}

Query Results from the ADS Database


Retrieved 1 abstracts, starting with number 1.  Total number selected: 1.

@ARTICLE{components,
   author = {{Marshall}, P.},
    title = "{Physical component analysis of galaxy cluster weak gravitational lensing data}",
  journal = {\mnras},
   eprint = {astro-ph/0511287},
 keywords = {gravitational lensing, methods: data analysis, galaxies: clusters: general},
     year = 2006,
    month = nov,
   volume = 372,
    pages = {1289-1298},
      doi = {10.1111/j.1365-2966.2006.10935.x},
   adsurl = {http://adsabs.harvard.edu/abs/2006MNRAS.372.1289M},
  adsnote = {Provided by the SAO/NASA Astrophysics Data System}
}

@phdthesis{reddick,
	author = {Rachel Reddick},
	title = "COSMOLOGY AND GALAXY FORMATION: USING THE GALAXY-HALO CONNECTION TO PROBE COSMOLOGY",
	year = 2014,
	url = {https://stacks.stanford.edu/file/druid:fz771qf0114/thesis_v7-augmented.pdf}
}

@ARTICLE{hmf,
   author = {{Murray}, S.~G. and {Power}, C. and {Robotham}, A.~S.~G.},
    title = "{HMFcalc: An online tool for calculating dark matter halo mass functions}",
  journal = {Astronomy and Computing},
archivePrefix = "arXiv",
   eprint = {1306.6721},
 primaryClass = "astro-ph.CO",
     year = 2013,
    month = nov,
   volume = 3,
    pages = {23-34},
      doi = {10.1016/j.ascom.2013.11.001},
   adsurl = {http://adsabs.harvard.edu/abs/2013A%26C.....3...23M},
  adsnote = {Provided by the SAO/NASA Astrophysics Data System}
}

@ARTICLE{tinker,
   author = {{Tinker}, J. and {Kravtsov}, A.~V. and {Klypin}, A. and {Abazajian}, K. and 
	{Warren}, M. and {Yepes}, G. and {Gottl{\"o}ber}, S. and {Holz}, D.~E.
	},
    title = "{Toward a Halo Mass Function for Precision Cosmology: The Limits of Universality}",
  journal = {\apj},
archivePrefix = "arXiv",
   eprint = {0803.2706},
 keywords = {cosmology: theory, large-scale structure of universe, methods: numerical},
     year = 2008,
    month = dec,
   volume = 688,
      eid = {709-728},
    pages = {709-728},
      doi = {10.1086/591439},
   adsurl = {http://adsabs.harvard.edu/abs/2008ApJ...688..709T},
  adsnote = {Provided by the SAO/NASA Astrophysics Data System}
}

@ARTICLE{millennium,
   author = {{Springel}, V. and {White}, S.~D.~M. and {Jenkins}, A. and {Frenk}, C.~S. and 
	{Yoshida}, N. and {Gao}, L. and {Navarro}, J. and {Thacker}, R. and 
	{Croton}, D. and {Helly}, J. and {Peacock}, J.~A. and {Cole}, S. and 
	{Thomas}, P. and {Couchman}, H. and {Evrard}, A. and {Colberg}, J. and 
	{Pearce}, F.},
    title = "{Simulations of the formation, evolution and clustering of galaxies and quasars}",
  journal = {\nat},
   eprint = {astro-ph/0504097},
     year = 2005,
    month = jun,
   volume = 435,
    pages = {629-636},
      doi = {10.1038/nature03597},
   adsurl = {http://adsabs.harvard.edu/abs/2005Natur.435..629S},
  adsnote = {Provided by the SAO/NASA Astrophysics Data System}
}

@ARTICLE{raytracing,
   author = {{Hilbert}, S. and {Hartlap}, J. and {White}, S.~D.~M. and {Schneider}, P.
	},
    title = "{Ray-tracing through the Millennium Simulation: Born corrections and lens-lens coupling in cosmic shear and galaxy-galaxy lensing}",
  journal = {\aap},
archivePrefix = "arXiv",
   eprint = {0809.5035},
 keywords = {gravitational lensing, dark matter, large-scale structure of Universe, cosmology: theory, methods: numerical},
     year = 2009,
    month = may,
   volume = 499,
    pages = {31-43},
      doi = {10.1051/0004-6361/200811054},
   adsurl = {http://adsabs.harvard.edu/abs/2009A%26A...499...31H},
  adsnote = {Provided by the SAO/NASA Astrophysics Data System}
}